@misc{Einstein.2012,
 author = {Einstein, Albert},
 year = {2012},
 title = {Zitat des Tages | texterblog.de},
 url = {http://www.texterblog.de/2012/04/20-zitat-des-tages/},
 urldate = {20.04.2012}
}


@book{Ipsum.2013,
 abstract = {Lorem ipsum dolor sit amet, consetetur sadipscing elitr, sed diam nonumy eirmod tempor invidunt ut labore et dolore magna aliquyam erat, sed diam voluptua.},
 title = {Lorem Ipsum},
 year = {2013},
 publisher = {Springer Berlin / Heidelberg},
 isbn = {123-4-567-89012-3},
 series = {Lecture Notes in Computer Science},
 editor = {Mustermann, Max and Doe, John},
 pages = {1-100},
 volume = {10},
 number = {1},
 issn = {0957-4174},
 journal = {Mustertexte},
 doi = {10.1010/a.bc.1010.10.101}
}


@article{HSA.2013,

 author = {HSA, Hochschule Augsburg},
 year = {2013},
 title = {Kein Titel},
 url = {http://hs-augsburg.de},
 keywords = {HSA;Hochschule;Augsburg},
}


@book{coder.2009,
 author = {coder-blog},
 year = {2009},
 title = {Java-Tutorial: HelloWorld},
 url = {http://coder-blog.de/java-tutorial-helloworld},
 urldate = {31.02.2013}
}



